@Article{FakeArticle,
         author = "Fake Name and Other Fake Name",
         title = "Fake Article",
         year = "Fake year" }